@article{knuth84,
  author = {Knuth, Donald E.},
  title = {Literate Programming},
  year = {1984},
  issue_date = {May 1984},
  publisher = {Oxford University Press, Inc.},
  address = {USA},
  volume = {27},
  number = {2},
  issn = {0010-4620},
  url = {https://doi.org/10.1093/comjnl/27.2.97},
  doi = {10.1093/comjnl/27.2.97},
  journal = {Comput. J.},
  month = may,
  pages = {97–111},
  numpages = {15}
}

@misc{irs-exempt-purposes, 
  publisher = {Internal Revenue Service},
  title = {Exempt Purposes – Internal Revenue Code Section 501(c)(3)},
  url = {https://www.irs.gov/charities-non-profits/charitable-organizations/exempt-purposes-internal-revenue-code-section-501c3}
}

@misc{irs-private-op, 
  publisher = {Internal Revenue Service},
  title = {Private Operating Foundations},
  url = {https://www.irs.gov/charities-non-profits/private-foundations/private-operating-foundations}
}

@misc{irs-exempt-op, 
  publisher = {Internal Revenue Service},
  title = {Exempt Operating Foundations},
  url = {https://www.irs.gov/charities-non-profits/private-foundations/exempt-operating-foundations}
}

@misc{irs-disqualified, 
  publisher = {Internal Revenue Service},
  title = {'Disqualified Individual' – Exempt Operating Foundation},
  url = {https://www.irs.gov/charities-non-profits/private-foundations/disqualified-individual-exempt-operating-foundation}
}

@misc{irs-grantmaking, 
  publisher = {Internal Revenue Service},
  title = {Grant-Making Foundations},
  url = {https://www.irs.gov/charities-non-profits/private-foundations/grant-making-foundations}
}

@misc{irs-def-of-exempt-op, 
  publisher = {Internal Revenue Service},
  title = {Definition of Exempt Operating Foundation},
  url = {https://www.irs.gov/charities-non-profits/private-foundations/definition-of-exempt-operating-foundation}
}

@misc{irs-instructions-8940, 
  publisher = {Internal Revenue Service},
  title = {Instructions for Form 8940 (04/2023)},
  url = {https://www.irs.gov/instructions/i8940}
}

@misc{irs-2014b,
  author = {Internal Revenue Service},
  title = {Form 1023-EZ: Streamlined Application for Recognition of Exemption Under Section 501(c)(3) of the Internal Revenue Code},
  year = {2014},
  address = {Washington, DC},
  url = {https://www.irs.gov/pub/irs-prior/f1023ez--2014.pdf}
}

@misc{irs-2020a,
  author = {Internal Revenue Service},
  title = {Form 1023: Application for Recognition of Exemption Under Section 501(c)(3) of the Internal Revenue Code},
  year = {2020},
  address = {Washington, DC},
  url = {https://www.pay.gov/public/form/preview/pdf/104}
}

@misc{irs-2022f,
  author = {Internal Revenue Service},
  title = {Schedule A (Form 990): Public Charity Status and Public Support},
  year = {2022},
  address = {Washington, DC},
  url = {https://www.irs.gov/pub/irs-pdf/f990sa.pdf}
}

@misc{irs-private-foundations, 
  publisher = {Internal Revenue Service},
  title = {Private Foundations},
  url = {https://www.irs.gov/charities-non-profits/charitable-organizations/private-foundations}
}

@misc{irs-who-must-file, 
  publisher = {Internal Revenue Service},
  title = {Annual Exempt Organization Return: Who Must File},
  url = {https://www.irs.gov/charities-non-profits/annual-exempt-organization-return-who-must-file}
}

@misc{irs-990-instructions, 
  publisher = {Internal Revenue Service},
  title = {Instructions for Form 990 Return of Organization Exempt From Income Tax (2022)},
  url = {https://www.irs.gov/instructions/i990}
}

@misc{irs-990pf-instructions, 
  publisher = {Internal Revenue Service},
  title = {Instructions for Form 990-PF (2022)},
  url = {https://www.irs.gov/instructions/i990pf}
}

@misc{irs-form-5227, 
  publisher = {Internal Revenue Service},
  title = {Instructions for Form 5227 (2022)},
  url = {https://www.irs.gov/instructions/i5227}
}

@misc{irs-990ez-instructions, 
  publisher = {Internal Revenue Service},
  title = {Instructions for Form 990-EZ (2022)},
  url = {https://www.irs.gov/instructions/i990ez}
}

@misc{irs-charitable-trusts, 
  publisher = {Internal Revenue Service},
  title = {Charitable Trusts},
  url = {https://www.irs.gov/charities-non-profits/private-foundations/charitable-trusts}
}

@misc{irs-split-interest-trust-stats, 
  publisher = {Internal Revenue Service},
  title = {SOI Tax Stats - Split-Interest Trust Statistics},
  url = {https://www.irs.gov/statistics/soi-tax-stats-split-interest-trust-statistics}
}

@misc{irs-501c17, 
  publisher = {Internal Revenue Service},
  title = {Supplemental Unemployment Benefits Trust - 501(c)(17)},
  url = {https://www.irs.gov/charities-non-profits/other-non-profits/supplemental-unemployment-benefits-trust-501c17}
}

@misc{irs-2023c,
  author = {Internal Revenue Service},
  title = {Tax-Exempt Status for Your Organization},
  year = {2023},
  address = {Washington, DC},
  url = {https://www.irs.gov/pub/irs-pdf/p557.pdf}
}

@misc{activity-codes, 
  publisher = {National Center for Charitable Statistics},
  title = {IRS Activity Codes},
  url = {https://nccs.urban.org/publication/irs-activity-codes}
}

@misc{irs-split-interest-trusts, 
  publisher = {Internal Revenue Service},
  title = {Split-Interest Trusts},
  url = {https://www.irs.gov/charities-non-profits/private-foundations/split-interest-trusts}
}

@misc{irs-2018,
  author = {Internal Revenue Service},
  title = {Applying for 501(c)(3) Tax-Exempt Status},
  year = {2018},
  address = {Washington, DC},
  url = {https://www.irs.gov/pub/irs-pdf/p4220.pdf}
}

@misc{irs-501c6,
  author = {Internal Revenue Service},
  title = {Tax-Exempt Status for Your Organization},
  year = {2023},
  address = {Washington, DC},
  url = {https://www.irs.gov/charities-non-profits/other-non-profits/business-leagues}
}

@misc{donorbox-501c13,
  author = { Kristine Ensor},
  title = {What is a 501(c)(13) Nonprofit Cemetery Organization | A Complete Guide},
  year = {2023},
  publisher = {Donor Box},
  url = {https://donorbox.org/nonprofit-blog/501c13-nonprofit-cemetery}
}

@misc{irs-atg-501c13,
  author = {Internal Revenue Service},
  title = {Audit Technique Guide – Cemetery Companies – IRC Section 501(c)(13)},
  year = {2023},
  address = {Washington, DC},
  url = {https://www.irs.gov/pub/irs-tege/atg_cemetery_companies.pdf}
}

@misc{irs-501c8-501c10,
  author = {Internal Revenue Service},
  title = {Fraternal Purpose and Activities},
  year = {2004},
  address = {Washington, DC},
  url = {https://www.irs.gov/pub/irs-tege/eotopicf04.pdf}
}

@misc{irs-501c19,
  author = {Internal Revenue Service},
  title = {Veterans' Organizations},
  year = {2004},
  address = {Washington, DC},
  url = {https://www.irs.gov/charities-non-profits/other-non-profits/veterans-organizations}
}

@misc{irs-p3386,
  author = {Internal Revenue Service},
  title = {Tax Guide for Veterans’Organizations},
  year = {2004},
  address = {Washington, DC},
  url = {https://www.irs.gov/pub/irs-pdf/p3386.pdf}
}


@misc{irs-501c5,
  author = {Internal Revenue Service},
  title = {IRC 501(c)(5) Organizations},
  year = {2004},
  address = {Washington, DC},
  url = {https://www.irs.gov/pub/irs-tege/eotopicj03.pdf}
}



@misc{irs-501c1,
  author = {Internal Revenue Service},
  title = {Exempt Organizations Technical Guide TG 1 Instrumentalities of the United States, Government Corporations, and Federal Credit Unions - IRC 501(c)(1)},
  year = {2023},
  address = {Washington, DC},
  url = {https://www.irs.gov/pub/irs-pdf/p5780.pdf}
}



@misc{irs-501c2,
  author = {Internal Revenue Service},
  title = {IRC 501(c)(2) - TITLE-HOLDING CORPORATIONS},
  year = {1986},
  address = {Washington, DC},
  url = {https://www.irs.gov/pub/irs-tege/eotopicc86.pdf}
}

@misc{irs-501c2-atg,
  author = {Internal Revenue Service},
  title = {Audit Technique Guide – Single Parent Title-Holding Corporations Exempt Under IRC Section 501(c)(2)},
  address = {Washington, DC},
  url = {https://www.irs.gov/pub/irs-tege/atg_single_parent_title_hldg_corp.pdf}
}


@misc{irs-501c25,
  author = {Internal Revenue Service},
  title = {Audit Technique Guide – Multiple Parent Title Holding Companies, IRC Section 501(c)(25)},
  address = {Washington, DC},
  url = {https://www.irs.gov/pub/irs-tege/atg_multi_parent_title_holding_cos%20.pdf}
}


@misc{irs-501c12,
  author = {Internal Revenue Service},
  title = {GENERAL SURVEY OF I.R.C. 501(c)(12) COOPERATIVES AND EXAMINATION OF CURRENT ISSUES},
  year = {2002},
  address = {Washington, DC},
  url = {https://www.irs.gov/pub/irs-tege/eotopice02.pdf}
}

@misc{irs-501c17-atg,
  author = {Internal Revenue Service},
  title = {Audit Technique Guide – Supplemental Unemployment Benefit Trusts – IRC Section 501(c)(17)},
  address = {Washington, DC},
  url = {https://www.irs.gov/pub/irs-tege/atg_supplemental_unemp_bft_trust.pdf}
}



@misc{irs-pub557,
  author = {Internal Revenue Service},
  title = {Tax-Exempt Status for Your Organization},
  year = {2023},
  address = {Washington, DC},
  url = {https://www.irs.gov/pub/irs-pdf/p557.pdf}
}

@misc{cornell-pub557,
  author = {Cornell Law School - Legal Information Institue},
  title = {29 U.S. Code § 1403 - Withdrawal liability payment fund},
  url = {https://www.law.cornell.edu/uscode/text/29/1403}
}


@misc{irs-501c11-atg,
  author = {Internal Revenue Service},
  title = {Audit Technique Guide - Teachers’ Retirement Fund Associations - IRC Section 501(c)(11)},
  address = {Washington, DC},
  url = {https://www.irs.gov/pub/irs-tege/atg_teachers_retirement.pdf}
}

@misc{irs-list-of-eo,
  author = {Internal Revenue Service},
  year = {2015},
  title = {Exempt Organizations Provisions – Internal Revenue Code (Title 26, United States Code)},
  url = {https://www.irs.gov/pub/irs-tege/eo_code_provisions.pdf}
}

@misc{irs-501c18,
  author = {Internal Revenue Service, Treasury},
  year = {1972},
  title = {501(c)(18)–1 trusts},
  url = {https://www.govinfo.gov/content/pkg/CFR-2010-title26-vol7/pdf/CFR-2010-title26-vol7-sec1-501c18-1.pdf}
}

@misc{railroad-retirement-board,
  author = {U.S. Railroad Retirement Board},
  year = {2023},
  title = {National Railroad Retirement Investment Trust (NRRIT)},
  url = {https://www.rrb.gov/FinancialReporting/NRRIT}
}


@misc{irs-501c16,
  author = {Internal Revenue Service},
  year = {1963},
  title = {501(c)(16)– Corporations organized to finance crop operations},
  url = {https://www.govinfo.gov/content/pkg/CFR-2009-title26-vol7/pdf/CFR-2009-title26-vol7-sec1-501c16-1.pdf}
}

@misc{irs-501c9,
  author = {Internal Revenue Service},
  year = {1963},
  title = {SELECTED PROBLEMS OF VOLUNTARY EMPLOYEES' BENEFICIARY ASSOCIATIONS (VEBAs)},
  url = {https://www.irs.gov/pub/irs-tege/eotopicf84.pdf}
}



@misc{irs-501c21,
  author = {Internal Revenue Service},
  title = {Audit Technique Guide – Black Lung Benefit Trusts, IRC Section 501(c)(21)},
  url = {https://www.irs.gov/pub/irs-tege/atg_black_lung_trusts.pdf}
}


@misc{irs-501c15,
  author = {Internal Revenue Service},
  year = {1989},
  title = {IRC 501(c)(15) - SMALL INSURANCE COMPANIES OR ASSOCIATIONS},
  url = {https://www.irs.gov/pub/irs-tege/eotopicl89.pdf}
}


@misc{irs-det-manual,
  author = {Internal Revenue Service},
  year = {2002},
  page = {18},
  title = {Exempt Organizations Determinations Manual},
  url = {https://books.google.com/books?id=cB4EuPzltBQC&lpg=PA18&ots=eBAlatamTU&dq}
}

@misc{bloomberg-501c20,
  author = {Bloomberg},
  year = {2023},
  title = {Sec. 120. Amounts Received Under Qualified Group Legal Services Plans [Repealed]},
  url = {https://irc.bloombergtax.com/public/uscode/doc/irc/section_120}
}

@misc{irs-501d,
  author = {Internal Revenue Service},
  year = {2022},
  title = {Exempt Organizations Technical Guide - TG 23 Religious and Apostolic Associations IRC 501(d)},
  url = {https://www.irs.gov/pub/irs-pdf/p5627.pdf}
}


@misc{irs-501e,
  author = {Internal Revenue Service Treasury},
  year = {1986},
  title = {Cooperative hospital serv- ice organization},
  url = {https://www.govinfo.gov/content/pkg/CFR-2010-title26-vol7/pdf/CFR-2010-title26-vol7-sec1-501e-1.pdf}
}

@misc{irs-health-care,
  author = {Internal Revenue Service},
  year = {1982},
  title = {HEALTH CARE ORGANIZATIONS},
  url = {https://www.irs.gov/pub/irs-tege/eotopica82.pdf}
}


@misc{irs-502,
  author = {Internal Revenue Service},
  year = {1983},
  title = {IRC 502 - FEEDER ORGANIZATIONS},
  url = {https://www.irs.gov/pub/irs-tege/eotopicf83.pdf}
}

@misc{irs-501-all,
  author = {Internal Revenue Service},
  year = {2023},
  title = {501 - Exemption from tax on corporations, certain trusts, etc.},
  url = {https://uscode.house.gov/view.xhtml?req=granuleid:USC-prelim-title26-section501&num=0&edition=prelim}
}

@misc{irs-501k,
  author = {Internal Revenue Service},
  year = {1989},
  title = {IRC 501(k) -- CHILD CARE ORGANIZATION},
  url = {https://www.irs.gov/pub/irs-tege/eotopich89.pdf}
}


@misc{irs-521,
  author = {Internal Revenue Service},
  year = {2005},
  title = {INCOME TAX TREATMENT OF COOPERATIVES: Internal Revenue Code Section 521},
  url = {https://www.rd.usda.gov/sites/default/files/cir44-4.pdf}
}

